@article{orji2017,
 author = {Orji, Rita and Mandryk, Regan L. and Vassileva, Julita},
 title = {Improving the Efficacy of Games for Change Using Personalization Models},
 journal = {ACM Trans. Comput.-Hum. Interact.},
 issue_date = {November 2017},
 volume = {24},
 number = {5},
 month = oct,
 year = {2017},
 issn = {1073-0516},
 pages = {32:1--32:22},
 articleno = {32},
 numpages = {22},
 url = {http://doi.acm.org/10.1145/3119929},
 doi = {10.1145/3119929},
 acmid = {3119929},
 publisher = {ACM},
 address = {New York, NY, USA}
} 