@misc{Nobody07,
       author = "Nobody Jr",
       title = "My Article",
       year = "2007" 
 }